%% This BibTeX bibliography file was created using BibDesk.
%% http://bibdesk.sourceforge.net/
%% and modified by hand

%% Created for Luiz Rafael dos Santos at 2014-08-20 11:19:14 -0300


%% Saved with string encoding Unicode (UTF-8)


@article{Hunter:2007,
	Author = {Hunter, John D},
	Date-Modified = {2014-08-20 14:19:14 +0000},
	Journal = {Computing In Science {\&} Engineering},
	Number = {3},
	Pages = {90--95},
	Title = {{Matplotlib: A 2D graphics environment}},
	Volume = {9},
	Year = {2007},
	DOI = {10.1109/MCSE.2007.55}}


@manual{TikZ,
	Author = {Tantau, Till},
	Title = {{The TikZ and PGF Packages}},
	Subtitle = {Manual for version 2.10-cvs},
	Year = {2012}}

@manual{pgfplots,
	Author = {Feuers{\"a}nger, Christian},
	Title = {{Manual for Package PGFPLOTS}},
	Substitle = {{2D/3D Plots in \LaTeX}},
	Version  = {1.9},
	Year = {2013}}

@article{Dolan:2002du,
	Author = {Dolan, Elisabeth D and Mor{\'e}, Jorge J},
	Journal = {Mathematical Programming},
	Number = {2},
	Pages = {201--213},
	Title = {{Benchmarking optimization software with performance profiles}},
	Volume = {91},
	Year = {2002},
	DOI = {10.1007/s101070100263}}

@online{url:travis,
  title = {Travis {CI}},
  url = {http://travis-ci.org},
  urldate = {2015-05-30}
}

@article{bib:more2009benchmarking,
  author    = {Jorge J. Mor{\'{e}} and Stefan M. Wild},
  title     = {Benchmarking Derivative-Free Optimization Algorithms},
  journal   = {{SIAM} Journal on Optimization},
  volume    = {20},
  number    = {1},
  pages     = {172--191},
  year      = {2009},
  DOI 		= {10.1137/080724083}
}

@techreport{bib:mahajan2012solving,
  author = "Ashutosh Mahajan and Sven Leyffer and Christian Kirches",
  title = "Solving Mixed-Integer Nonlinear Programs by QP-Diving",
  number = "ANL/MCS-2071-0312",
  institution = "Argonne National Laboratory, Mathematics and Computer Science
    Division",
  year = "2012"
}

@online{url:bokeh,
  title = {Bokeh},
  url = {http://bokeh.pydata.org/},
  urldate = {2015-05-30}
}
@online{url:perprof-py,
  author = {Abel Soares Siqueira and Raniere Gaia Costa da Silva and Luiz-Rafael Santos},
  title = {Perprof-py},
  url = {https://github.com/ufpr-opt/perprof-py/},
  urldate = {2015-05-30}
}

@online{url:mittelmann,
  author = {Hans Mittelmann},
  title = {Benchmark for optimization software},
  url = {http://plato.la.asu.edu/bench.html},
  urldate = {2015-08-21}
}

@article{Mittelmann:1999fb,
author = {Mittelmann, H D},
title = {{Benchmarking interior point LP/QP solvers}},
journal = {Optimization Methods and Software},
year = {1999},
volume = {11},
number = {1-4},
pages = {655--670}
}

@article{Dolan:2006kl,
author = {Dolan, Elizabeth D and Mor{\'e}, Jorge J and Munson, Todd S},
title = {{Optimality Measures for Performance Profiles}},
journal = {SIAM Journal on Optimization},
year = {2006},
volume = {16},
number = {3},
pages = {891--909},
month = {jan}
}

@online{url:cops,
  author = {Jorge Mor{\'e} and Alexander Bondarenko and  David Bortz and  Elisabeth Dolan and  Michael Merritt and   Todd Munson},
  title = {{COPS: Large-Scale Optimization Problems}},
  url = {http://www.mcs.anl.gov/~more/cops/},
  urldate = {2015-08-21}
}

@online{url:NLPy,
  author = {Dominique Orban and Michael Friedlander},
  title = {NLPy},
  url = {https://github.com/dpo/nlpy},
  urldate = {2015-05-30}
}

@article{More:2009benchmarking,
  author = "Jorge J. Mor√© and Stefan M. Wild",
  title = "Benchmarking Derivate-Free Optimization Algorithms",
  journal = "SIAM Journal on Optimization",
  year = "2009",
  pages = "172--191",
  volume = "20"
}

@online{url:yaml,
  title = "{YAML} {A}in't {M}arkup {L}anguage",
  url = {http://yaml.org/},
  urldate = {2015-08-25}
}

@online{url:pyyaml,
  title = {{PyYAML}},
  url = {http://pyyaml.org/},
  urldate = {2015-08-25}
}

@online{url:perfprofjl,
  title = "PerfPlot.jl",
  author = "Weijian Zhang",
  url = "https://github.com/weijianzhang/PerfPlot.jl",
  urldate = {2015-08-26}
}

@online{url:perfprof,
  title = "perfprof",
  author = "Samuel Relton",
  url = "https://github.com/sdrelton/perfprof",
  urldate = {2015-08-26}
}

@article{al-mohy:2009,
  author = "A. H. Al-Mohy and N. J. Higham",
  title = "A new scaling and squaring algorithm for the matrix exponential",
  journal = "SIAM Journal on Matrix Analysis and Applications",
  volume = "31",
  number = "3",
  year = "2009",
  pages = "970-989"
}

@article{al-mohy:2011,
  author = "A. H. Al-Mohy and N. J. Higham",
  title = "Computing the action of the matrix exponential, with an application
  to exponential integrators",
  journal = "SIAM Journal on Scientific Computing",
  volume = "33",
  number = "2",
  year = "2011",
  pages = "488-511"
}

@article{al-mohy:2012,
  author = "A. H. Al-Mohy and N. J. Higham",
  title = "Improved inverse scaling and squaring algorithms for the matrix
  logarithm",
  journal = "SIAM Journal on Scientific Computing",
  volume = "34",
  number = "4",
  year = "2012",
  pages = "C153-C169"
}

@article{higham:2005,
  author = "N. J. Higham",
  title = "The scaling and squaring method for the matrix exponential
  revisited",
  journal = "SIAM Journal on Matrix Analysis and Applications",
  volume = "26",
  number = "4",
  year = "2005",
  pages = "1179-1193"
}

@book{higham:2008,
  author = "N. J. Higham",
  title = "Functions of Matrices: Theory and Computation",
  publisher = "SIAM, Philadelphia, PA",
  year = "2008"
}

@article{higham:2009,
  author = "N. J. Higham",
  title = "The scaling and squaring method for the matrix exponential
  revisited",
  journal = "SIAM Review",
  year = "2009",
  volume = "51",
  number = "4",
  pages = "747-764"
}

@article{higham:2011,
  author = "N. J. Higham and L. Lin",
  title = "A {S}chur-{P}ade algorithm for fractional powers of a matrix",
  journal = "SIAM Journal on Matrix Analysis and Applications",
  volume = "32",
  number = "3",
  year = "2011",
  pages = "1056-1078"
}

@article{higham:2013,
  author = "N. J. Higham and L. Lin",
  title = "An improved {S}chur-{P}ade algorithm for fractional powers of a
  matrix and their {F}rechet derivatives",
  journal = "SIAM Journal on Matrix Analysis and Applications",
  volume = "34",
  number = "3",
  year = "2013",
  pages = "1341-1360"
}
